<?xml version='1.0' encoding='UTF-8'?>
<record xmlns="http://www.loc.gov/MARC21/slim">
  <leader>01616cam a2200349La 4500</leader>
  <controlfield tag="001">4227283</controlfield>
  <controlfield tag="003">NjP</controlfield>
  <controlfield tag="005">20180420175927.0</controlfield>
  <controlfield tag="008">040819s1922    ua            000 0 ara d</controlfield>
  <datafield tag="024" ind1="7" ind2=" ">
    <subfield code="a">princeton_aco002472</subfield>
    <subfield code="2">local</subfield>
  </datafield>
  <datafield ind1=" " ind2=" " tag="035">
    <subfield code="a">(OCoLC)ocm70682159</subfield>
  </datafield>
  <datafield ind1=" " ind2=" " tag="040">
    <subfield code="a">HLS</subfield>
    <subfield code="c">HLS</subfield>
  </datafield>
  <datafield ind1=" " ind2=" " tag="035">
    <subfield code="a">(OCoLC)70682159</subfield>
  </datafield>
  <datafield ind1=" " ind2=" " tag="043">
    <subfield code="a">f-ua---</subfield>
  </datafield>
  <datafield ind1=" " ind2=" " tag="049">
    <subfield code="a">PULL</subfield>
  </datafield>
  <datafield ind1="1" ind2=" " tag="100">
    <subfield code="6">880-01</subfield>
    <subfield code="a">Mursī, Muḥammad Kāmil.</subfield>
  </datafield>
  <datafield ind1="1" ind2="0" tag="245">
    <subfield code="6">880-02</subfield>
    <subfield code="a">Sharḥ ʻāriyat al-istiʻmāl wa-ʻāriyat al-istihlāk wa-al-īrādāt al-murattabah :</subfield>
    <subfield code="b">aḥkām al-fawāʼid ʻalá al-ʻumūm /</subfield>
    <subfield code="c">taʼlīf Muḥammad Kāmil Mursī Bik, Sayyid Muṣṭafá.</subfield>
  </datafield>
  <datafield ind1=" " ind2=" " tag="250">
    <subfield code="6">880-03</subfield>
    <subfield code="a">al-Ṭabʻah 1.</subfield>
  </datafield>
  <datafield ind1=" " ind2=" " tag="260">
    <subfield code="6">880-04</subfield>
    <subfield code="a">Miṣr :</subfield>
    <subfield code="b">Maṭbaʻat al-Raghāʼib,</subfield>
    <subfield code="c">1922.</subfield>
  </datafield>
  <datafield ind1=" " ind2=" " tag="300">
    <subfield code="a">482 p. ;</subfield>
    <subfield code="c">27 cm.</subfield>
  </datafield>
  <datafield ind1=" " ind2=" " tag="504">
    <subfield code="a">Includes bibliographical references (p. 3-4).</subfield>
  </datafield>
  <datafield ind1=" " ind2=" " tag="533">
    <subfield code="a">Photocopy.</subfield>
    <subfield code="b">Cairo :</subfield>
    <subfield code="c">Leila Books,</subfield>
    <subfield code="d">2004.</subfield>
    <subfield code="e">28 cm.</subfield>
    <subfield code="7">s1922    ua n r</subfield>
  </datafield>
  <datafield ind1=" " ind2="0" tag="650">
    <subfield code="a">Loans</subfield>
    <subfield code="x">Law and legislation</subfield>
    <subfield code="z">Egypt.</subfield>
  </datafield>
  <datafield ind1=" " ind2="0" tag="650">
    <subfield code="a">Loans (Islamic law)</subfield>
    <subfield code="0">http://id.loc.gov/authorities/subjects/sh87001948</subfield>
  </datafield>
  <datafield ind1="1" ind2=" " tag="700">
    <subfield code="6">880-05</subfield>
    <subfield code="a">Muṣṭafá, Sayyid.</subfield>
  </datafield>
  <datafield ind1="1" ind2=" " tag="880">
    <subfield code="6">100-01/r</subfield>
    <subfield code="a">مرسي، محمد كامل.</subfield>
  </datafield>
  <datafield ind1="1" ind2="0" tag="880">
    <subfield code="6">245-02/r</subfield>
    <subfield code="a">شرح عارية الاستعمال وعارية الاستهلاك والايرادات المرتبة :</subfield>
    <subfield code="b">احكام الفوائد على العموم /</subfield>
    <subfield code="c">تأليف محمد كامل مرسي بك، سيد مصطفى.</subfield>
  </datafield>
  <datafield ind1=" " ind2=" " tag="880">
    <subfield code="6">250-03/r</subfield>
    <subfield code="a">الطبعة 1.</subfield>
  </datafield>
  <datafield ind1=" " ind2=" " tag="880">
    <subfield code="6">260-04/r</subfield>
    <subfield code="a">مصر :</subfield>
    <subfield code="b">مطبعة الرغائب،</subfield>
    <subfield code="c">1922.</subfield>
  </datafield>
  <datafield ind1="1" ind2=" " tag="880">
    <subfield code="6">700-05/r</subfield>
    <subfield code="a">مصطفى، سيد.</subfield>
  </datafield>
  <datafield ind1=" " ind2=" " tag="904">
    <subfield code="a">mv</subfield>
    <subfield code="b">o</subfield>
    <subfield code="h">n</subfield>
    <subfield code="c">b</subfield>
    <subfield code="e">20040819</subfield>
  </datafield>
  <datafield ind1=" " ind2=" " tag="994">
    <subfield code="a">C0</subfield>
    <subfield code="b">PUL</subfield>
  </datafield>
  <datafield ind1=" " ind2=" " tag="999">
    <subfield code="a">4227283</subfield>
  </datafield>
  <datafield ind1=" " ind2=" " tag="902">
    <subfield code="a">jab</subfield>
    <subfield code="b">m</subfield>
    <subfield code="6">a</subfield>
    <subfield code="7">m</subfield>
    <subfield code="d">v</subfield>
    <subfield code="f">1</subfield>
    <subfield code="e">20070810</subfield>
  </datafield>
  <datafield ind1="0" ind2=" " tag="852">
    <subfield code="0">4490899</subfield>
    <subfield code="b">nec</subfield>
    <subfield code="h">KRM955.4</subfield>
    <subfield code="i">.M877 1922</subfield>
  </datafield>
  <datafield ind1=" " ind2=" " tag="959">
    <subfield code="a">2005-02-15 11:14:59 -0500</subfield>
  </datafield>
</record>
